
@article{bhatt_detailed_2023,
	title = {Detailed urban roughness parametrization for anthropogenic heat flux estimation using earth observation data},
	volume = {9},
	doi = {10.1016/j.heliyon.2023.e18361},
	pages = {e18361},
	number = {7},
	journaltitle = {Heliyon},
	author = {Bhatt, M. M. and Gupta, K. and Danodia, A. and Chakroborty, S. D. and Patel, N. R.},
	date = {2023},
}




@article{anonymous_harnessing_2024,
  title={Harnessing cooling from urban trees: Interconnecting background climates, urban morphology, and tree traits},
  author={Li, Haiwei and Zhao, Yongling and Wang, Chenghao and {\"U}rge-Vorsatz, Diana and Carmeliet, Jan and Bardhan, Ronita},
  journal={EGUsphere},
  volume={2024},
  pages={1--50},
  year={2024},
  publisher={Copernicus Publications G{\"o}ttingen, Germany}
}



@article{mao_urban_2021,
  title={Urban weather generator: physics-based microclimate simulation for performance-oriented urban planning},
  author={Mao, Jiachen and Norford, Leslie K},
  journal={Urban Microclimate Modelling for Comfort and Energy Studies},
  pages={241--263},
  year={2021},
  publisher={Springer}
}


@article{lo_piano_variance-based_2021,
  title={Variance-based sensitivity analysis: The quest for better estimators and designs between explorativity and economy},
  author={Piano, Samuele Lo and Ferretti, Federico and Puy, Arnald and Albrecht, Daniel and Saltelli, Andrea},
  journal={Reliability Engineering \& System Safety},
  volume={206},
  pages={107300},
  year={2021},
  publisher={Elsevier}
}

@article{singh_recent_2024,
  title={Recent trends and remaining limitations in urban microclimate models},
  author={Singh, Manmeet and Laefer, Debra F},
  journal={Open Urban Studies and Demography Journal},
  volume={1},
  number={1},
  year={2015}
}


@inproceedings{nakano2015urban,
  title={Urban Weather Generator-A novel workflow for integrating urban heat island effect within urban design process},
  author={Nakano, Aiko and Bueno, Bruno and Norford, Leslie and Reinhart, Christoph F},
  year={2015},
  publisher={International Building Performance Simulation Association},
booktitle={Proceedings of BS2015}
}





@article{tehrani_predicting_2024,
  title={Predicting urban Heat Island in European cities: A comparative study of GRU, DNN, and ANN models using urban morphological variables},
  author={Tehrani, Alireza Attarhay and Veisi, Omid and Delavar, Yasin and Bahrami, Sasan and Sobhaninia, Saeideh and Mehan, Asma and others},
  journal={Urban Climate},
  volume={56},
  pages={102061},
  year={2024},
  publisher={Elsevier}
}